@book{devmem,
      author = {Anthony Lineberry},
      title = {Malicious Code Injection via /dev/mem},
      year = {27 Mars 2009}
}

